<record><leader>00000cas a22000007a 4500</leader><controlfield tag="001">14108827</controlfield><controlfield tag="008">860819d18771913txuwr ne      0    0eng d</controlfield><datafield ind1=" " ind2=" " tag="010"><subfield code="a">sn 86088516 </subfield></datafield><datafield ind1=" " ind2=" " tag="040"><subfield code="a">PPM</subfield><subfield code="b">eng</subfield><subfield code="c">PPM</subfield><subfield code="d">OCLCQ</subfield></datafield><datafield ind1=" " ind2=" " tag="042"><subfield code="a">msc</subfield></datafield><datafield ind1="0" ind2="4" tag="245"><subfield code="a">The Brazos pilot.</subfield></datafield><datafield ind1="3" ind2="0" tag="246"><subfield code="a">Brazos weekly pilot</subfield></datafield><datafield ind1=" " ind2=" " tag="260"><subfield code="a">Bryan, Tex. :</subfield><subfield code="b">R.M. Smith and Co.</subfield></datafield><datafield ind1=" " ind2=" " tag="300"><subfield code="a">v. :</subfield><subfield code="b">ill.</subfield></datafield><datafield ind1=" " ind2=" " tag="310"><subfield code="a">Weekly</subfield></datafield><datafield ind1="1" ind2=" " tag="362"><subfield code="a">Began in 1877? Ceased in 1913.</subfield></datafield><datafield ind1=" " ind2=" " tag="588"><subfield code="a">Description based on: Vol. 1, no. 10 (Apr. 26, 1877).</subfield></datafield><datafield ind1=" " ind2=" " tag="752"><subfield code="a">United States</subfield><subfield code="b">Texas</subfield><subfield code="c">Brazos</subfield><subfield code="d">Bryan.</subfield></datafield><datafield ind1="0" ind2=" " tag="775"><subfield code="t">Bryan evening pilot</subfield><subfield code="w">(DLC)sn 86088539</subfield></datafield><datafield ind1="0" ind2="7" tag="785"><subfield code="t">Bryan eagle</subfield><subfield code="w">(DLC)sn 86088572</subfield></datafield><datafield ind1="0" ind2="7" tag="785"><subfield code="t">Bryan eagle and pilot</subfield><subfield code="w">(DLC)sn 86088570</subfield></datafield></record>